@article{articleABC,
	author = {John Doe},
	title = {An Example Article},
	journal = {Journal of Examples},
	year = {2024},
	volume = {10},
	pages = {1-10},
	doi = {10.1234/example.doi},
}


@misc{scipyScipyintegratesolve,
	author = {},
	title = {scipy.integrate.solve\_ivp \&\#x2014; {S}ci{P}y v1.13.1 {M}anual --- docs.scipy.org},
	howpublished = {\url{https://docs.scipy.org/doc/scipy/reference/generated/scipy.integrate.solve\_ivp.html\#r179348322575-13}},
	year = {},
	note = {[Accessed 11-06-2024]},
}